%% This BibTeX bibliography file was created using BibDesk.
%% https://bibdesk.sourceforge.io/

%% Created for Guillermo Ramirez Garc√≠a at 2020-12-04 10:42:51 +0100 


%% Saved with string encoding Unicode (UTF-8) 



@article{monzon2018estudio,
	author = {Monz{\'o}n, Edgar S Gisbert and Espinoza, Elizabeth J Alcal{\'a}},
	date-added = {2020-12-04 10:42:42 +0100},
	date-modified = {2020-12-04 10:42:42 +0100},
	journal = {REVISTA MEXICANA DE MEDICINA FORENSE Y CIENCIAS DE LA SALUD},
	number = {2},
	title = {Estudio forense por Antropolog{\'\i}a y Gen{\'e}tica de Restos Humanos Incinerados},
	volume = {3},
	year = {2018}}

@phdthesis{real2020determinacion,
	author = {Real Benlloch, Irene},
	date-added = {2020-12-04 10:41:24 +0100},
	date-modified = {2020-12-04 10:41:24 +0100},
	school = {Universidad Complutense de Madrid},
	title = {Determinaci{\'o}n de la edad biol{\'o}gica mediante variables m{\'e}tricas mandibulares y su relaci{\'o}n con la edad dentaria},
	year = {2020}}

@article{suchey1979problems,
	author = {Suchey, Judy Myers},
	date-added = {2020-12-03 12:39:23 +0100},
	date-modified = {2020-12-03 12:39:23 +0100},
	journal = {American Journal of Physical Anthropology},
	number = {3},
	pages = {467--470},
	publisher = {Wiley Online Library},
	title = {Problems in the aging of females using the os pubis},
	volume = {51},
	year = {1979}}

@article{brooks1990skeletal,
	author = {Brooks, Sheilagh and Suchey, Judy M},
	date-added = {2020-12-02 19:59:14 +0100},
	date-modified = {2020-12-02 19:59:14 +0100},
	journal = {Human evolution},
	number = {3},
	pages = {227--238},
	publisher = {Springer},
	title = {Skeletal age determination based on the os pubis: a comparison of the Acs{\'a}di-Nemesk{\'e}ri and Suchey-Brooks methods},
	volume = {5},
	year = {1990}}

@article{hanihara1978estimation,
	author = {Hanihara, Kazuro and Suzuki, Takao},
	date-added = {2020-12-02 19:57:21 +0100},
	date-modified = {2020-12-02 19:57:21 +0100},
	journal = {American Journal of Physical Anthropology},
	number = {2},
	pages = {233--239},
	publisher = {Wiley Online Library},
	title = {Estimation of age from the pubic symphysis by means of multiple regression analysis},
	volume = {48},
	year = {1978}}

@book{mckern1957skeletal,
	author = {McKern, Thomas W and Stewart, Thomas Dale},
	date-added = {2020-12-02 19:56:20 +0100},
	date-modified = {2020-12-02 19:56:20 +0100},
	publisher = {Headquarters, Quartermaster Research \& Development Command},
	title = {Skeletal age changes in young American males: analysed from the standpoint of age identification},
	volume = {45},
	year = {1957}}

@article{galera1998comparison,
	author = {Galera, Virginia and Ubelaker, Douglas H and Hayek, L-AC},
	date-added = {2020-12-02 19:22:15 +0100},
	date-modified = {2020-12-02 19:22:15 +0100},
	journal = {Journal of Forensic Science},
	number = {5},
	pages = {933--939},
	publisher = {ASTM International},
	title = {Comparison of macroscopic cranial methods of age estimation applied to skeletons from the Terry Collection},
	volume = {43},
	year = {1998}}

@phdthesis{baker1984relationship,
	author = {Baker, Ronald K},
	date-added = {2020-12-02 19:16:14 +0100},
	date-modified = {2020-12-02 19:16:14 +0100},
	school = {California State University, Fullerton},
	title = {The relationship of cranial suture closure and age analyzed in a modern multi-racial sample of males and females},
	year = {1984}}

@book{acsadi1970history,
	author = {Acs{\'a}di, Gy{\"o}rgy and Nemesk{\'e}ri, J{\'a}nos and Bal{\'a}s, Korn{\'e}l},
	date-added = {2020-12-02 19:08:46 +0100},
	date-modified = {2020-12-02 19:08:46 +0100},
	publisher = {Akad{\'e}miai Kiad{\'o} Budapest},
	title = {History of human life span and mortality},
	year = {1970}}

@article{bocquet1982farewell,
	author = {Bocquet-Appel, Jean-Pierre and Masset, Claude},
	date-added = {2020-12-02 19:08:09 +0100},
	date-modified = {2020-12-02 19:08:09 +0100},
	journal = {Journal of Human Evolution},
	number = {4},
	pages = {321--333},
	publisher = {Elsevier},
	title = {Farewell to paleodemography},
	volume = {11},
	year = {1982}}

@article{meindl1985ectocranial,
	author = {Meindl, Richard S and Lovejoy, C Owen},
	date-added = {2020-12-02 12:50:43 +0100},
	date-modified = {2020-12-02 12:50:43 +0100},
	journal = {American journal of physical anthropology},
	number = {1},
	pages = {57--66},
	publisher = {Wiley Online Library},
	title = {Ectocranial suture closure: a revised method for the determination of skeletal age at death based on the lateral-anterior sutures},
	volume = {68},
	year = {1985}}

@article{krogmanmy,
	author = {Krogman, WM and Iscan, E},
	date-added = {2020-12-02 12:47:33 +0100},
	date-modified = {2020-12-02 12:47:33 +0100},
	journal = {The Human Skeleton in Forensic Medicine. Charles C. Thomas, Springfield},
	title = {MY 1986}}

@book{genoves1959valor,
	author = {Genov{\'e}s, Santiago and Messmacher, Miguel},
	date-added = {2020-12-02 12:46:08 +0100},
	date-modified = {2020-12-02 12:46:08 +0100},
	number = {7},
	publisher = {Universidad Nacional Aut{\'o}noma de M{\'e}xico},
	title = {Valor de los patrones tradicionales para la determinaci{\'o}n de la edad por medio de las suturas en cr{\'a}neos merimanos (ind{\'\i}genas y mestizos)},
	year = {1959}}

@article{masset1989age,
	author = {Masset, Claude},
	date-added = {2020-12-02 12:37:18 +0100},
	date-modified = {2020-12-02 12:37:18 +0100},
	journal = {Age markers in the human skeleton},
	publisher = {Charles C. Thomas},
	title = {Age estimation on the basis of cranial sutures},
	year = {1989}}

@article{todd1924endocranial,
	author = {Todd, T Wingate and Lyon Jr, DW},
	date-added = {2020-12-02 12:28:41 +0100},
	date-modified = {2020-12-02 12:28:41 +0100},
	journal = {American Journal of Physical Anthropology},
	number = {3},
	pages = {325--384},
	publisher = {Wiley Online Library},
	title = {Endocranial suture closure. Its progress and age relationship. Part I.---Adult males of white stock},
	volume = {7},
	year = {1924}}

@article{nemeskeri1960methoden,
	author = {Nemesk{\'e}ri, J{\'a}nos and Hars{\'a}nyi, L{\'a}szl{\'o} and Acs{\"a}di, Gy{\"o}rgy},
	date-added = {2020-12-02 12:27:58 +0100},
	date-modified = {2020-12-02 12:27:58 +0100},
	journal = {Anthropologischer Anzeiger},
	number = {H. 1},
	pages = {70--95},
	publisher = {JSTOR},
	title = {Methoden zur diagnose des lebensalters von skelettfunden},
	year = {1960}}

@book{olivier1960pratique,
	author = {Olivier, Georges},
	date-added = {2020-12-02 12:03:45 +0100},
	date-modified = {2020-12-02 12:03:45 +0100},
	publisher = {Vigot},
	title = {Pratique anthropologique},
	year = {1960}}

@book{scheuer2004juvenile,
	author = {Scheuer, Louise and Black, Sue},
	date-added = {2020-12-01 11:52:12 +0100},
	date-modified = {2020-12-01 11:52:12 +0100},
	publisher = {Elsevier},
	title = {The juvenile skeleton},
	year = {2004}}
